% This file was created with JabRef 2.7.2.
% Encoding: Cp1252

@INPROCEEDINGS{Bruneton02,
  author = {Eric Bruneton and Romain Lenglet and Thierry Coupaye},
  title = {ASM: A code manipulation tool to implement adaptable systems},
  booktitle = {In Adaptable and extensible component systems},
  year = {2002}
}

@INPROCEEDINGS{Flanagan2010,
  author = {Flanagan, Cormac and Freund, Stephen N.},
  title = {The RoadRunner Dynamic Analysis Framework for Concurrent Programs},
  booktitle = {Proceedings of the 9th ACM SIGPLAN-SIGSOFT workshop on Program analysis
	for software tools and engineering},
  year = {2010},
  series = {PASTE '10},
  pages = {1--8},
  address = {New York, NY, USA},
  publisher = {ACM},
  acmid = {1806674},
  doi = {10.1145/1806672.1806674},
  isbn = {978-1-4503-0082-7},
  keywords = {concurrency, dynamic analysis},
  location = {Toronto, Ontario, Canada},
  numpages = {8},
  url = {http://doi.acm.org/10.1145/1806672.1806674}
}

@ARTICLE{Flanagan2009,
  author = {Flanagan, Cormac and Freund, Stephen N.},
  title = {FastTrack: efficient and precise dynamic race detection},
  journal = {SIGPLAN Not.},
  year = {2009},
  volume = {44},
  pages = {121--133},
  number = {6},
  month = jun,
  acmid = {1542490},
  address = {New York, NY, USA},
  doi = {10.1145/1543135.1542490},
  issn = {0362-1340},
  issue_date = {June 2009},
  keywords = {concurrency, dynamic analysis, race conditions},
  numpages = {13},
  publisher = {ACM},
  url = {http://doi.acm.org/10.1145/1543135.1542490}
}

@ARTICLE{Lamport1978,
  author = {Lamport, Leslie},
  title = {Time, clocks, and the ordering of events in a distributed system},
  journal = {Commun. ACM},
  year = {1978},
  volume = {21},
  pages = {558--565},
  number = {7},
  month = jul,
  acmid = {359563},
  address = {New York, NY, USA},
  doi = {10.1145/359545.359563},
  issn = {0001-0782},
  issue_date = {July 1978},
  keywords = {clock synchronization, computer networks, distributed systems, multiprocess
	systems},
  numpages = {8},
  publisher = {ACM},
  url = {http://doi.acm.org/10.1145/359545.359563}
}

@INPROCEEDINGS{citeulike,
  author = {Mattern, Friedemann},
  title = {Virtual Time and Global States of Distributed Systems},
  booktitle = {Parallel and Distributed Algorithms: proceedings of the International
	Workshop on Parallel and Distributed Algorithms},
  year = {1988},
  citeulike-article-id = {1041601},
  citeulike-linkout-0 = {http://citeseerx.ist.psu.edu/viewdoc/summary?doi=10.1.1.47.7435},
  keywords = {distributed, systems},
  posted-at = {2007-07-20 11:47:06},
  priority = {5},
  url = {http://citeseerx.ist.psu.edu/viewdoc/summary?doi=10.1.1.47.7435}
}

@INPROCEEDINGS{Musuvathi2008,
  author = {Musuvathi, Madanlal and Qadeer, Shaz and Ball, Thomas and Basler,
	Gerard and Nainar, Piramanayagam Arumuga and Neamtiu, Iulian},
  title = {Finding and reproducing Heisenbugs in concurrent programs},
  booktitle = {Proceedings of the 8th USENIX conference on Operating systems design
	and implementation},
  year = {2008},
  series = {OSDI'08},
  pages = {267--280},
  address = {Berkeley, CA, USA},
  publisher = {USENIX Association},
  acmid = {1855760},
  location = {San Diego, California},
  numpages = {14},
  url = {http://dl.acm.org/citation.cfm?id=1855741.1855760}
}

@ARTICLE{Olszewski2009,
  author = {Olszewski, Marek and Ansel, Jason and Amarasinghe, Saman},
  title = {Kendo: efficient deterministic multithreading in software},
  journal = {SIGPLAN Not.},
  year = {2009},
  volume = {44},
  pages = {97--108},
  number = {3},
  month = mar,
  acmid = {1508256},
  address = {New York, NY, USA},
  doi = {10.1145/1508284.1508256},
  issn = {0362-1340},
  issue_date = {March 2009},
  keywords = {debugging, determinism, deterministic multithreading, multicore, parallel
	programming},
  numpages = {12},
  publisher = {ACM},
  url = {http://doi.acm.org/10.1145/1508284.1508256}
}

@ARTICLE{Savage1997,
  author = {Savage, Stefan and Burrows, Michael and Nelson, Greg and Sobalvarro,
	Patrick and Anderson, Thomas},
  title = {Eraser: a dynamic data race detector for multithreaded programs},
  journal = {ACM Trans. Comput. Syst.},
  year = {1997},
  volume = {15},
  pages = {391--411},
  number = {4},
  month = nov,
  acmid = {265927},
  address = {New York, NY, USA},
  doi = {10.1145/265924.265927},
  issn = {0734-2071},
  issue_date = {Nov. 1997},
  keywords = {binary code modification, multithreaded programming, race detection},
  numpages = {21},
  publisher = {ACM},
  url = {http://doi.acm.org/10.1145/265924.265927}
}

@ARTICLE{Veeraraghavan2012,
  author = {Veeraraghavan, Kaushik and Lee, Dongyoon and Wester, Benjamin and
	Ouyang, Jessica and Chen, Peter M. and Flinn, Jason and Narayanasamy,
	Satish},
  title = {DoublePlay: Parallelizing Sequential Logging and Replay},
  journal = {ACM Trans. Comput. Syst.},
  year = {2012},
  volume = {30},
  pages = {3:1--3:24},
  number = {1},
  month = feb,
  acmid = {2110359},
  address = {New York, NY, USA},
  articleno = {3},
  doi = {10.1145/2110356.2110359},
  issn = {0734-2071},
  issue_date = {February 2012},
  keywords = {Deterministic replay, uniparallelism},
  numpages = {24},
  publisher = {ACM},
  url = {http://doi.acm.org/10.1145/2110356.2110359}
}

@comment{jabref-meta: selector_review:}

@comment{jabref-meta: selector_publisher:}

@comment{jabref-meta: selector_author:}

@comment{jabref-meta: selector_journal:}

@comment{jabref-meta: selector_keywords:}

